@article{escardo2010selection,
  title={Selection Functions, Bar Recursion and Backward Induction},
  author={Escard{\'o}, Martin and Oliva, Paulo},
  journal={Math. Struct. Comput. Sci.},
  volume={20},
  number={2},
  pages={127--168},
  year={2010}
}


@inproceedings{wadler1989theorems,
  title={Theorems for Free!},
  author={Wadler, Philip},
  booktitle={Proceedings of the fourth international conference on Functional programming languages and computer architecture},
  pages={347--359},
  year={1989}
}

@inproceedings{hartmann2022algorithm,
  title={Algorithm Design with the Selection Monad},
  author={Hartmann, Johannes and Gibbons, Jeremy},
  booktitle={International Symposium on Trends in Functional Programming},
  pages={126--143},
  year={2022},
  organization={Springer}
}

@inproceedings{escardo2010sequential,
  title={What Sequential Games, the {T}ychonoff {T}heorem and the Double-Negation Shift Have in Common},
  author={Escard{\'o}, Martin and Oliva, Paulo},
  booktitle={Proceedings of the third ACM SIGPLAN workshop on Mathematically structured functional programming},
  pages={21--32},
  year={2010}
}

@book{bird2020algorithm,
  title={Algorithm Design with Haskell},
  author={Bird, Richard and Gibbons, Jeremy},
  year={2020},
  publisher={Cambridge University Press}
}
@article{escardo2011sequential,
  title={Sequential games and optimal strategies},
  author={Escard{\'o}, Martin and Oliva, Paulo},
  journal={Proceedings of the Royal Society A: Mathematical, Physical and Engineering Sciences},
  volume={467},
  number={2130},
  pages={1519--1545},
  year={2011},
  publisher={The Royal Society Publishing}
}
@article{hartmann2018selectionmonad,
        title={Finding optimal strategies in sequential games with the novel selection monad},
  author={Hartmann, Johannes},
  journal={arXiv preprint arXiv:2105.12514},
  year={2018}
}


@InProceedings{hedges2014monad,
  title={Monad Transformers for Backtracking Search},
  author={Hedges, Jules},
  year={2014},
  booktitle =	 {Mathematically Structured Functional Programming},
  editor       = {Paul Blain Levy and Neel Krishnaswami},
  booktitle    = {Proceedings 5th Workshop on Mathematically Structured Functional Programming},
  series       = {{EPTCS}},
  volume       = {153},
  pages        = {31--50},
}

@article{hedges2015selection,
  title={The selection monad as a CPS transformation},
  author={Hedges, Jules},
  journal={arXiv preprint arXiv:1503.06061},
  year={2015}
}
@phdthesis{hedges2016towards,
  title={Towards compositional game theory},
  school={Queen Mary University of London},
  author={Hedges, Julian M},
  year={2016}
}
@article{bolt2018sequential,
  title={Sequential games and nondeterministic selection functions},
  author={Bolt, Joe and Hedges, Jules and Zahn, Philipp},
  journal={arXiv preprint arXiv:1811.06810},
  year={2018}
}

@article{abadi2020smart,
  title={Smart Choices and the Selection Monad},
  author={Abadi, Martin and Plotkin, Gordon},
  journal={arXiv preprint arXiv:2007.08926},
  year={2020}
}
@misc{hartmann2022dependentBigOtimes,
author = {Hartmann, Johannes},
title = {{Dependently Typed Selection Monad}},
url = {https://github.com/IncredibleHannes/DependentlyTypedSelectionMonad},
version = {1.0.0},
year = {2022}
}

@article{prim1957shortest,
  title={Shortest connection networks and some generalizations},
  author={Prim, Robert Clay},
  journal={The Bell System Technical Journal},
  volume={36},
  number={6},
  pages={1389--1401},
  year={1957},
  publisher={Nokia Bell Labs}
}